@article{joh99,
  author =       "Johnsen T., Gjolberg O.;",
  title =        "Risk management in the oil industry: Can information on long-run equilibrium prices be utilized?",
  journal =      "Energy Econ.",
  volume =       "",
  number =       "21",
  pages =        "517–527",
  year =         "1999"
}

@article{gjo03,
  author =       "Asche, F.; Gjolberg, O.; Volker, T.",
  title =        "Price relationships in the petroleum market: An analysis of crude oil and refined product prices.",
  journal =      "Energy Econ.",
  volume =       "",
  number =       "25",
  pages =        "289–301",
  year =         "2003"
}

@article{fis75,
  author =       "Fischer D., Gately D., Kyle J.",
  title =        "The Prospects for OPEC: A Critical Survey of Models of the World Oil Market.",
  journal =      "Journal of Development Economics",
  volume =       "",
  number =       "2",
  pages =        "363-386",
  year =         "1975"
}

@article{bac06,
  author =       "Bacon, R. and Kojima, M.",
  title =        "Coping with Higher Oil Prices”, Energy Sector Managemet Assistance Programme Report",
  journal =      "The World Bank Group, USA",
  volume =       "",
  number =       "",
  pages =        "1-256",
  year =         "2006"
}

@article{bac08,
  author =       "Bacon, R. and Kojima, M.",
  title =        "Coping with Oil Prices Volatility, Energy Sector Managemet Assistance Programme Report",
  journal =      "the World Bank Group, USA",
  volume =       "",
  number =       "",
  pages =        "1-174",
  year =         "2008"
}

@article{bor97,
  author =       "Borenstein, S.; Cameron, A.C.; Gilbert, R.",
  title =        "Do gasoline prices respond asymmetrically to crude oil price changes?",
  journal =      "Q. J. Econ.",
  volume =       "112",
  number =       "",
  pages =        "305–339",
  year =         "1997"
}

@article{bal09,
  author =       "Balket, N.S.; Brown, S.P.A.; Yucel, M.K.",
  title =        "Crude oil and gasoline prices: An asymmetric relationship?",
  journal =      "Econ. Financ. Policy Rev.",
  volume =       "1",
  number =       "",
  pages =        "2–11",
  year =         "1998"
}

@article{einstein8,
  author =       "Tappata, M.",
  title =        "Rockets and feathers: Understanding asymmetric pricing.",
  journal =      "RAND J. Econ.",
  volume =       "",
  number =       "40",
  pages =        "673–687",
  year =         "2009"
}

@article{dou10,
  author =       "Douglas, C.",
  title =        "Do gasoline prices exhibit asymmetry? Not usually!",
  journal =      "Energy Econ.",
  volume =       "",
  number =       "32",
  pages =        "918–925",
  year =         "2010"
}

@article{pel00,
  author =       "Peltzman, S.",
  title =        "Prices rise faster than they fall.",
  journal =      "J. Polit. Econ.",
  volume =       "",
  number =       "108",
  pages =        "466–502",
  year =         "2000"
}
@article{cho12,
  author =       "Chou, K.W.; Sun, S.H.",
  title =        "Crude oil prices, exchange rates, and the asymmetric response of retail gasoline prices in Taiwan.",
  journal =      "Br. J. Econ. Financ. Manag. Sci.",
  volume =       "3",
  number =       "",
  pages =        "82–91",
  year =         "2012"
}
@article{ati14,
  author =       "Atil, A.; Lahiani, A.; Nguyen, D.K.",
  title =        "Asymmetric and nonlinear pass-through of crude oil prices to gasoline and natural gas prices. ",
  journal =      "Energy Policy.",
  volume =       "",
  number =       "65",
  pages =        "567–573",
  year =         "2014"
}

@article{pol16,
  author =       "Polemis, M.L.; Tsionas, M.G.",
  title =        "An alternative semiparametric approach to the modelling of asymmetric gasoline price adjustment.",
  journal =      "Energy Econ.",
  volume =       "",
  number =       "56",
  pages =        "384–388",
  year =         "2016"
}

@article{coa06,
  author =       "Coady, D.; Kpodar, K.; Gillingham, R.; El-Said, M.; Newhouse, D.L.; Medas, P.A.",
  title =        "The Magnitude and Distribution of Fuel Subsidies: Evidence from Bolivia, Ghana, Jordan, Mali, and Sri Lanka;",
  journal =      "International Monetary Fund: Washington, DC, USA.",
  volume =       "",
  number =       "",
  pages =        "6-247",
  year =         "2006"
}

@misc{ben94,
  author =       "Benerjee, A., Dolado, J., Galbraith, J.W., Hendry, D.F.",
  title =        "Co-integration, Error-correction, and the Econometric Analysis of Non-stationary Data. Oxford University Press.",
  year =         "1994"
}

@article{pir96,
  author =       "Ng, V.K., Pirrong, S.C.",
  title =        "Price dynamics in refined petroleum spot and futures markets.",
  journal =      "J. Empirical Fin.",
  volume =       "2",
  number =       "",
  pages =        "359-388",
  year =         "1996"
}

@article{qua92,
  author =       "Quan, J.",
  title =        "Two-step testing procedure for price discovery role of futures prices.",
  journal =      "J. Futures Markets",
  volume =       "12",
  number =       "2",
  pages =        "139-149",
  year =         "1992"
}
@misc{cla2015,
    author    = "Clay Ford",
    title     = "University of Virginia Library,  Understanding Q-Q plots",
    url       = "http://www-cs-faculty.stanford.edu/\~{}uno/abcde.html",
    year      =  "August 26, 2015"
}

@misc{mac2019,
    author    = "Machine Learning Plus",
    title     = "ARIMA Model, Complete Guide To Time Series Forecasting",
    url       = "https://www.machinelearningplus.com/time-series/arima-model-time-series-forecasting-python/ ",
    year      =  "2019"
}

@book{latexcompanion,
    author    = "Michel Goossens and Frank Mittelbach and Alexander Samarin",
    title     = "The \LaTeX\ Companion",
    year      = "1993",
    publisher = "Addison-Wesley",
    address   = "Reading, Massachusetts"
}
 
@misc{knuthwebsite,
    author    = "Donald Knuth",
    title     = "Knuth: Computers and Typesetting",
    url       = "http://www-cs-faculty.stanford.edu/\~{}uno/abcde.html"
}
